@book{goossens93,
    author = "Frank Mittelbach and Michel Goossens  and Johannes Braams and David Carlisle  and Chris Rowley",
    title = "The {LaTeX} Companion",
    year = "1993",
    publisher = "Addison-Wesley",
    address = "Reading, Massachusetts"
}


@article{kopka1995guide,
  title={A Guide to $\{$$\backslash$LaTeX$\}$--Document},
  author={Kopka, H and Daly, PW},
  year={1995},
  publisher={Citeseer}
}